<?xml version='1.0' encoding='UTF-8'?>
<record xmlns="http://www.loc.gov/MARC21/slim">
  <leader>01347cam a2200289 a 4500</leader>
  <controlfield tag="001">480405</controlfield>
  <controlfield tag="003">NjP</controlfield>
  <controlfield tag="005">20170905102858.0</controlfield>
  <controlfield tag="008">881122m19879999ir       b    000|0 ara d</controlfield>
  <datafield tag="024" ind1="7" ind2=" ">
    <subfield code="a">princeton_aco001601</subfield>
    <subfield code="2">local</subfield>
  </datafield>
  <datafield ind1=" " ind2=" " tag="035">
    <subfield code="a">(OCoLC)26452967</subfield>
  </datafield>
  <datafield ind1=" " ind2=" " tag="035">
    <subfield code="a">(CStRLIN)NJPG88-B58547</subfield>
  </datafield>
  <datafield ind1=" " ind2=" " tag="035">
    <subfield code="9">ACF6096TS</subfield>
  </datafield>
  <datafield ind1=" " ind2=" " tag="035">
    <subfield code="a">480405</subfield>
  </datafield>
  <datafield ind1=" " ind2=" " tag="040">
    <subfield code="a">NjP</subfield>
    <subfield code="c">NjP</subfield>
  </datafield>
  <datafield ind1="1" ind2=" " tag="100">
    <subfield code="a">Gharavī, Muḥammad Ḥusayn,</subfield>
    <subfield code="d">1878-1942.</subfield>
    <subfield code="0">http://id.loc.gov/authorities/names/n85235894</subfield>
  </datafield>
  <datafield ind1="1" ind2="0" tag="245">
    <subfield code="a">Nihāyat al-dirāyah fī sharḥ al-Kifāyah /</subfield>
    <subfield code="c">taʾlīf Muḥammad Ḥusayn al-Iṣfahānī ; taḥqīq Muʾassasat Āl al-Bayt li-Iḥyāʾ al-Turāth.</subfield>
  </datafield>
  <datafield ind1=" " ind2=" " tag="250">
    <subfield code="a">al-Ṭabʻah 1.</subfield>
  </datafield>
  <datafield ind1=" " ind2=" " tag="260">
    <subfield code="a">Qum :</subfield>
    <subfield code="b">Muʾassasat Āl al-Bayt li-Iḥyāʾ al-Turāth,</subfield>
    <subfield code="c">1408- [1987- ]</subfield>
  </datafield>
  <datafield ind1=" " ind2=" " tag="300">
    <subfield code="a">v. in ;</subfield>
    <subfield code="c">25 cm.</subfield>
  </datafield>
  <datafield ind1="1" ind2=" " tag="490">
    <subfield code="a">Muʾassasat Āl al-Bayt li-Iḥyāʾ al-Turāth ;</subfield>
    <subfield code="v">41-42</subfield>
  </datafield>
  <datafield ind1=" " ind2=" " tag="504">
    <subfield code="a">Includes bibliographical references.</subfield>
  </datafield>
  <datafield ind1="1" ind2="0" tag="600">
    <subfield code="a">Khurāsānī, Muḥammad Kāẓim,</subfield>
    <subfield code="d">1839 or 40-1911.</subfield>
    <subfield code="t">Kifāyat al-uṣūl.</subfield>
  </datafield>
  <datafield ind1=" " ind2="0" tag="650">
    <subfield code="a">Islamic law</subfield>
    <subfield code="x">Interpretation and construction.</subfield>
    <subfield code="0">http://id.loc.gov/authorities/subjects/sh85068455</subfield>
  </datafield>
  <datafield ind1="2" ind2=" " tag="710">
    <subfield code="a">Muʾassasat Āl al-Bayt li-Iḥyāʾ al-Turāth.</subfield>
  </datafield>
  <datafield ind1=" " ind2="0" tag="830">
    <subfield code="a">Muʾassasat Āl al-Bayt li-Iḥyāʾ al-Turāth (Series) ;</subfield>
    <subfield code="v">42.</subfield>
  </datafield>
  <datafield ind1=" " ind2=" " tag="998">
    <subfield code="a">07/28/92</subfield>
    <subfield code="s">9118</subfield>
    <subfield code="n">NjP</subfield>
    <subfield code="w">NJPG88B58547</subfield>
    <subfield code="d">11/22/88</subfield>
    <subfield code="c">JEB</subfield>
    <subfield code="b">JEB</subfield>
    <subfield code="i">920728</subfield>
    <subfield code="l">NJPG</subfield>
  </datafield>
  <datafield ind1=" " ind2=" " tag="911">
    <subfield code="a">19921028</subfield>
  </datafield>
  <datafield ind1=" " ind2=" " tag="912">
    <subfield code="a">19980423043114.0</subfield>
  </datafield>
  <datafield ind1="8" ind2="1" tag="852">
    <subfield code="0">521985</subfield>
    <subfield code="b">nec</subfield>
    <subfield code="t">1</subfield>
    <subfield code="h">KBL</subfield>
    <subfield code="i">.G427 1987</subfield>
  </datafield>
  <datafield ind1=" " ind2="0" tag="866">
    <subfield code="0">521985</subfield>
    <subfield code="8">0</subfield>
    <subfield code="a">juzʼ 3-6</subfield>
  </datafield>
  <datafield ind1=" " ind2="0" tag="866">
    <subfield code="0">521985</subfield>
    <subfield code="x">DESIGNATOR: Juz</subfield>
  </datafield>
  <datafield ind1=" " ind2=" " tag="959">
    <subfield code="a">2000-06-13 00:00:00 -0500</subfield>
  </datafield>
</record>
